<collection xmlns="http://www.loc.gov/MARC21/slim">
<record>
  <leader>02010nam0a22003731i 450 </leader>
  <controlfield tag="001">IT\ICCU\CNCE\033810</controlfield>
  <controlfield tag="005">20080325000000.0</controlfield>
  <datafield tag="012" ind1=" " ind2=" ">
    <subfield code="a">r.ue acl- t.l- veos (3) 1586 (A)</subfield>
    <subfield code="2">fei</subfield>
  </datafield>
  <datafield tag="100" ind1=" " ind2=" ">
    <subfield code="a">19971222d1586        0itac0103    ba</subfield>
  </datafield>
  <datafield tag="101" ind1=" " ind2=" ">
    <subfield code="a">LAT</subfield>
  </datafield>
  <datafield tag="102" ind1=" " ind2=" ">
    <subfield code="a">IT</subfield>
  </datafield>
  <datafield tag="200" ind1="1" ind2=" ">
    <subfield code="a">Decreta generalia reuerendissimi d. Angeli Perutii Dei, &amp; apostolicae sedis gratia Sarnetensis episcopi, &amp; ex speciali mandato felicis recordationis Gregorij XIII. Visitatoris pedemontanae prouinciae, nunc sanctissimi d.n.d. Sixti Papae V. iussuimpressa, &amp; promulgata</subfield>
  </datafield>
  <datafield tag="210" ind1=" " ind2=" ">
    <subfield code="a">Taurini</subfield>
    <subfield code="c">apud haeredem Nicolai Beuilaquae</subfield>
    <subfield code="d">1586</subfield>
  </datafield>
  <datafield tag="215" ind1=" " ind2=" ">
    <subfield code="a">151, \5! p.</subfield>
    <subfield code="d">4ʻ</subfield>
  </datafield>
  <datafield tag="620" ind1=" " ind2=" ">
    <subfield code="a">IT</subfield>
    <subfield code="d">Torino</subfield>
  </datafield>
  <datafield tag="700" ind1=" " ind2="1">
    <subfield code="a">Peruzzi,</subfield>
    <subfield code="b">Angelo</subfield>
    <subfield code="3">IT\ICCU\CNCA\009732</subfield>
  </datafield>
  <datafield tag="712" ind1="0" ind2="0">
    <subfield code="a">Bevilacqua, Niccol ̣- eredi</subfield>
    <subfield code="3">IT\ICCU\CNCT\000513</subfield>
    <subfield code="4">650</subfield>
  </datafield>
  <datafield tag="790" ind1=" " ind2="1">
    <subfield code="a">Perutius,</subfield>
    <subfield code="b">Angelus</subfield>
    <subfield code="3">IT\ICCU\CNCA\022068</subfield>
    <subfield code="z">Peruzzi, Angelo</subfield>
  </datafield>
  <datafield tag="790" ind1=" " ind2="1">
    <subfield code="a">Perucci,</subfield>
    <subfield code="b">Angelo</subfield>
    <subfield code="3">IT\ICCU\CNCA\027388</subfield>
    <subfield code="z">Peruzzi, Angelo</subfield>
  </datafield>
  <datafield tag="801" ind1=" " ind2="3">
    <subfield code="a">IT</subfield>
    <subfield code="b">ICCU</subfield>
    <subfield code="c">20201114</subfield>
  </datafield>
  <datafield tag="899" ind1=" " ind2=" ">
    <subfield code="a">Biblioteca del Seminario vescovile. Casale Monferrato</subfield>
    <subfield code="1">AL0024</subfield>
    <subfield code="2">TO0 L2</subfield>
  </datafield>
  <datafield tag="899" ind1=" " ind2=" ">
    <subfield code="a">Biblioteca comunale Luciano Benincasa. Ancona</subfield>
    <subfield code="1">AN0001</subfield>
    <subfield code="2">URB BA</subfield>
  </datafield>
  <datafield tag="899" ind1=" " ind2=" ">
    <subfield code="a">Biblioteca del Seminario vescovile. Asti</subfield>
    <subfield code="1">AT0005</subfield>
    <subfield code="2">TO0 45</subfield>
  </datafield>
  <datafield tag="899" ind1=" " ind2=" ">
    <subfield code="a">Biblioteca del Santuario di Oropa. Fraz. Oropa</subfield>
    <subfield code="1">BI0002</subfield>
    <subfield code="2">BIA SO</subfield>
  </datafield>
  <datafield tag="899" ind1=" " ind2=" ">
    <subfield code="a">Biblioteca del Seminario vescovile. Biella</subfield>
    <subfield code="1">BI0027</subfield>
    <subfield code="2">TO0 GK</subfield>
  </datafield>
  <datafield tag="899" ind1=" " ind2=" ">
    <subfield code="a">Biblioteca civica di Mondov. Mondov</subfield>
    <subfield code="1">CN0065</subfield>
    <subfield code="2">TO0 55</subfield>
  </datafield>
  <datafield tag="899" ind1=" " ind2=" ">
    <subfield code="a">Biblioteca del Seminario vescovile. Mondov</subfield>
    <subfield code="1">CN0066</subfield>
    <subfield code="2">TO0 56</subfield>
  </datafield>
  <datafield tag="899" ind1=" " ind2=" ">
    <subfield code="a">Biblioteca pubblica e Casa della cultura. Fondazione Achille Marazza. Borgomanero</subfield>
    <subfield code="1">NO0011</subfield>
    <subfield code="2">TO0 D6</subfield>
  </datafield>
  <datafield tag="899" ind1=" " ind2=" ">
    <subfield code="a">Biblioteca Palatina. Parma</subfield>
    <subfield code="1">PR0072</subfield>
    <subfield code="2">PAR PA</subfield>
  </datafield>
  <datafield tag="899" ind1=" " ind2=" ">
    <subfield code="a">Biblioteca civica centrale. Torino</subfield>
    <subfield code="1">TO0240</subfield>
    <subfield code="2">BCT 01</subfield>
  </datafield>
  <datafield tag="899" ind1=" " ind2=" ">
    <subfield code="a">Biblioteca Reale. Torino</subfield>
    <subfield code="1">TO0263</subfield>
    <subfield code="2">TO0 07</subfield>
  </datafield>
  <datafield tag="899" ind1=" " ind2=" ">
    <subfield code="a">Biblioteca del Seminario arcivescovile. Torino</subfield>
    <subfield code="1">TO0326</subfield>
    <subfield code="2">TO0 97</subfield>
  </datafield>
  <datafield tag="899" ind1=" " ind2=" ">
    <subfield code="a">Biblioteca dell&apos;Archivio arcivescovile. Torino</subfield>
    <subfield code="1">TO0801</subfield>
    <subfield code="2">TO0 L5</subfield>
  </datafield>
  <datafield tag="899" ind1=" " ind2=" ">
    <subfield code="a">Biblioteca agnesiana e diocesana. Vercelli</subfield>
    <subfield code="1">VC0072</subfield>
    <subfield code="2">TO0 C4</subfield>
  </datafield>
</record>
</collection>
